

@article{Bailey_2007,
  title={Male circumcision for {HIV} prevention in young men in {Kisumu}, {Kenya}: a randomised controlled trial},
  author={Bailey, Robert C and Moses, Stephen and Parker, Corette B and Agot, Kawango and Maclean, Ian and Krieger, John N and Williams, Carolyn FM and Campbell, Richard T and Ndinya-Achola, Jeckoniah O},
  journal={The lancet},
  volume={369},
  number={9562},
  pages={643--656},
  year={2007},
  publisher={Elsevier}
}


@article{Sawires_2007,
	title = {Male circumcision and {HIV}/{AIDS}: challenges and opportunities},
	volume = {369},
	issn = {0140-6736},
	shorttitle = {Male circumcision and {HIV}/{AIDS}},
	url = {http://www.ncbi.nlm.nih.gov/pmc/articles/PMC4096793/},
	doi = {10.1016/S0140-6736(07)60323-7},
	number = {9562},
	urldate = {2015-02-12},
	journal = {Lancet},
	author = {Sawires, Sharif R and Dworkin, Shari L and Fiamma, Agn√®s and Peacock, Dean and Szekeres, Greg and Coates, Thomas J},
	month = feb,
	year = {2007},
	pmid = {17321321},
	pmcid = {PMC4096793},
	pages = {708--713}
}

@article{Cohen_2011,
  title={Prevention of {HIV-1} infection with early antiretroviral therapy},
  author={Cohen, Myron S and Chen, Ying Q and McCauley, Marybeth and Gamble, Theresa and Hosseinipour, Mina C and Kumarasamy, Nagalingeswaran and Hakim, James G and Kumwenda, Johnstone and Grinsztejn, Beatriz and Pilotto, Jose HS and others},
  journal={New England journal of medicine},
  volume={365},
  number={6},
  pages={493--505},
  year={2011},
  publisher={Mass Medical Soc}
}
@article{Lau_2005,
title = "Impacts of {SARS} on health-seeking behaviors in general population in {Hong Kong}",
journal = "Preventive Medicine ",
volume = "41",
number = "2",
pages = "454 - 462",
year = "2005",
author = "Joseph T.F. Lau and Xilin Yang and H.Y. Tsui and Jean H Kim",
}

@article{Ahituv_1996,
title = "The Responsiveness of the Demand for Condoms to the Local Prevalence of {AIDS}",
journal = "The Journal of Human Resources ",
volume = "31",
number = "4",
pages = "869-897",
year = "1996",
author = "Avner Ahituv, V. Joseph Hotz and Tomas Philipson"
}

@article{Kristiansen_2007,
year={2007},
journal={BMC Public Health},
eid={48},
volume={7},
number={1},
doi={10.1186/1471-2458-7-48},
title={Influenza pandemic: perception of risk and individual precautions in a general population. Cross sectional study},
url={http://dx.doi.org/10.1186/1471-2458-7-48},
publisher={BioMed Central},
author={Kristiansen, IvarS and Halvorsen, PederA and Gyrd-Hansen, Dorte},
language={English}
}

@article{Brewer_2007,
  title={Meta-analysis of the relationship between risk perception and health behavior: the example of vaccination.},
  author={Brewer, Noel T and Chapman, Gretchen B and Gibbons, Frederick X and Gerrard, Meg and McCaul, Kevin D and Weinstein, Neil D},
  journal={Health Psychology},
  volume={26},
  number={2},
  pages={136},
  year={2007},
  publisher={American Psychological Association}
}

@article{Maharaj_2012,
  title={Condom use within marriage: an assessment of changes in {South Africa} and {Uganda}},
  author={Maharaj, Pranitha and Neema, Stella and Cleland, John and Busza, Joanna and Shah, Iqbal},
  journal={AIDS care},
  volume={24},
  number={4},
  pages={444--450},
  year={2012},
  publisher={Taylor \& Francis}
}

@article{Gensini_2004,
  title={The concept of quarantine in history: from plague to {SARS}},
  author={Gensini, Gian Franco and Yacoub, Magdi H and Conti, Andrea A},
  journal={Journal of Infection},
  volume={49},
  number={4},
  pages={257--261},
  year={2004},
  publisher={Elsevier}
}

@article{Chemaitelly_2012,
  title={External infections contribute minimally to {HIV} incidence among {HIV} sero-discordant couples in sub-{Saharan} {Africa}},
  author={Chemaitelly, Hiam and Abu-Raddad, Laith J},
  journal={Sexually transmitted infections},
  pages={sextrans--2012},
  year={2012},
  publisher={BMJ Publishing Group Ltd}
}

@manual{UNAIDS13,
  title={Global update on {HIV} treatment 2013: results, impact and opportunities},
  author={WHO},
  year={2013},
  organization={World Health Organization}
}

@manual{DHS,
	author = {{{\em MEASURE} DHS}},
	year = {2008},
	title = {Description of the Demographic and Health Surveys Individual Recode Data File},
organization = {Demographic and Health Surveys}
}
 
@book{CollAlag02,
	author = {Collins, and Alagiri, and Summers},
	year = {2002},
	title = {Abstinence Only vs. Comprehensive Sex Education: What are the arguments? What is the evidence?},
	publisher = {Policy Monograph Series},
}
 
@book{TimbHalp12,
	author = {Timberg, C. and Halperin, D.},
	year = {2012},
	title = {Tinderbox: How the West Sparked the {AIDS} Epidemic and How the World Can Finally Overcome It },
	publisher = {The Penguin Press, New York},
}
 
@manual{UNAIDS04,
	author = {UNAIDS},
	year = {2004},
	title = {Making condoms work for {HIV} prevention},
	organization = {Joint United Nations Programme on HIV/AIDS (UNAIDS) and World Health Organization (WHO)},
}
 
@book{UNAIDS10,
	author = {UNAIDS},
	year = {2010},
	title = {{UNAIDS} Report on the Global {AIDS} Epidemic 2010},
	publisher = {Joint United Nations Programme on HIV/AIDS (UNAIDS) and World Health Organization (WHO)},
}





@article{Vaughan_2000,
author = {Peter W. Vaughan and Everett M. Rogers and Arvind Singhal and Ramadhan M. Swalehe},
title = {Entertainment-Education and {HIV}/{AIDS} Prevention: A Field Experiment in {Tanzania}},
journal = {Journal of Health Communication},
volume = {5},
number = {sup1},
pages = {81-100},
year = {2000},
}

@article{Egger_2005,
author = {Matthias Egger and Andrew Boulle and Mauro Schechter and Paolo Miotti},
title = {Antiretroviral therapy in resource-poor settings: scaling up inequalities?},
journal = {International Journal of Epidemiology},
volume = {34},
issue={3},
pages = {509-512},
year = {2005},
}

@article{Funk_2010,
title = "Endemic disease, awareness, and local behavioural response ",
journal = "Journal of Theoretical Biology ",
volume = "264",
number = "2",
pages = "501 - 509",
year = "2010",
author = "S. Funk and E. Gilad and V.A.A. Jansen",

}

@article{Gray_2007,
  author = "R.H. Gray and G. Kigozi and D. Serwadda and F. Makumbi and S. Watya and F. Nalugoda and N. Kiwanuka and L.H. Moulton and M.A. Chaudhary and M.Z. Chen and N.K. Sewankambo and F. Wabwire-Mangen and M.C. Bacon and C.F. Williams and P. Opendi and S.J. Reynolds and O. Laeyendecker and T.C. Quinn and M.J. Wawer",
title = "Male circumcision for {HIV} prevention in men in {Rakai}, {Uganda}: a randomised trial ",
journal = "The Lancet ",
volume = "369",
number = "9562",
pages = "657 - 666",
year = "2007",
}



@article{Coates_2008,
title = "Behavioural strategies to reduce {HIV} transmission: how to make them work better ",
journal = "The Lancet ",
author= "Thomas J Coates, Linda Richter,  Carlos Caceres",
volume = "372",
pages = "669-684",
year = "2008",
}

 
@book{UNAIDS11,
	author = {UNAIDS},
	year = {2011},
	title = {Progress report 2011: Global HIV/AIDS response},
	publisher = {Joint United Nations Programme on HIV/AIDS (UNAIDS) and World Health Organization (WHO)},
}
 
@book{WHO09,
	author = {World Health Organization and UNAIDS},
	year = {2009},
	title = {Position Statement: Condoms & HIV/AIDS},
	publisher = {Joint United Nations Programme on HIV/AIDS (UNAIDS) and World Health Organization (WHO)},
}


@Article{AdihAlex99,
   Author="Adih, W. K.  and Alexander, C. S. ",
   Title="{{D}eterminants of condom use to prevent {HIV} infection among youth in {G}hana}",
   Journal="J Adolesc Health",
   Year="1999",
   Volume="24",
   Number="1",
   Pages="63--72",
   Month="Jan"
}


@Article{ BassMhlo91,
   Author="Bassett, M. T.  and Mhloyi, M. ",
   Title="{{W}omen and {AIDS} in {Z}imbabwe: the making of an epidemic}",
   Journal="Int J Health Serv",
   Year="1991",
   Volume="21",
   Number="1",
   Pages="143--156"
}

% 23253767 
@Article{CoheLiu13,
   Author="Cohen, S. E.  and Liu, A. Y.  and Bernstein, K. T.  and Philip, S. ",
   Title="{{P}reparing for {HIV} pre-exposure prophylaxis: lessons learned from post-exposure prophylaxis}",
   Journal="Am J Prev Med",
   Year="2013",
   Volume="44",
   Number="1 Suppl 2",
   Pages="S80--85",
   Month="Jan"
}

% 22273351 
@Article{Fox12,
   Author="Fox, A. M. ",
   Title="{{T}he {HIV}-poverty thesis re-examined: poverty, wealth or inequality as a social determinant of {HIV} infection in sub-{S}aharan {A}frica?}",
   Journal="J Biosoc Sci",
   Year="2012",
   Volume="44",
   Number="4",
   Pages="459--480",
   Month="Jul"
}

% 21346807 
@Article{HalpMugu11,
   Author="Halperin, D. T.  and Mugurungi, O.  and Hallett, T. B.  and Muchini, B.  and Campbell, B.  and Magure, T.  and Benedikt, C.  and Gregson, S. ",
   Title="{A surprising prevention success: why did the {HIV} epidemic decline in {Z}imbabwe?}",
   Journal="PLoS Med.",
   Year="2011",
   Volume="8",
   Number="2",
   Pages="e1000414"
}

% 20648225 
@Article{ ChimMcGr10,
   Author="Chimbindi, N. Z.  and McGrath, N.  and Herbst, K.  and San Tint, K.  and Newell, M. L. ",
   Title="{Socio-Demographic Determinants of Condom Use Among Sexually Active Young Adults in Rural {KwaZulu}-{Natal}, {South} {Africa}}",
   Journal="Open AIDS J",
   Year="2010",
   Volume="4",
   Pages="88--95"
}

% 20397961 
@Article{CoheGay10 ,
   Author="Cohen, M. S.  and Gay, C. L. ",
   Title="{Treatment to prevent transmission of {HIV}-1}",
   Journal="Clin. Infect. Dis.",
   Year="2010",
   Volume="50 Suppl 3",
   Pages="85--95",
   Month="May"
}

% 19332788 
@Article{FunkGila09,
   Author="Funk, S.  and Gilad, E.  and Watkins, C.  and Jansen, V. A. ",
   Title="{The spread of awareness and its impact on epidemic outbreaks}",
   Journal="Proc. Natl. Acad. Sci. U.S.A.",
   Year="2009",
   Volume="106",
   Number="16",
   Pages="6872--6877",
   Month="Apr"
}

% 18613483 
@Article{ Fort08,
   Author="Fortson, J. G. ",
   Title="{The gradient in sub-{S}aharan {A}frica: socioeconomic status and {HIV}/{AIDS}}",
   Journal="Demography",
   Year="2008",
   Volume="45",
   Number="2",
   Pages="303--322",
   Month="May"
}

% 16688475 
@Article{GreeHalp06,
   Author="Green, E. C.  and Halperin, D. T.  and Nantulya, V.  and Hogle, J. A. ",
   Title="{{U}ganda's {HIV} prevention success: the role of sexual behavior change and the national response}",
   Journal="AIDS Behav",
   Year="2006",
   Volume="10",
   Number="4",
   Pages="335--346",
   Month="Jul"
}

% 16456081 
@Article{GregGarn06,
   Author="Gregson, S.  and Garnett, G. P.  and Nyamukapa, C. A.  and Hallett, T. B.  and Lewis, J. J.  and Mason, P. R.  and Chandiwana, S. K.  and Anderson, R. M. ",
   Title="{{HIV} decline associated with behavior change in eastern {Z}imbabwe}",
   Journal="Science",
   Year="2006",
   Volume="311",
   Number="5761",
   Pages="664--666",
   Month="Feb"
}

% 15285449 
@Article{IjumGami04,
   Author="Ijumba, K.  and Gamieldien, R.  and Myer, L.  and Morroni, C. ",
   Title="{{S}exual risk behaviours are influenced by knowing someone with {HIV}/{AIDS}}",
   Journal="S. Afr. Med. J.",
   Year="2004",
   Volume="94",
   Number="7",
   Pages="522--523",
   Month="Jul"
}

% 12866835 
@Article{ CamlChim03,
   Author="Camlin, C. S.  and Chimbwete, C. E. ",
   Title="{{D}oes knowing someone with {AIDS} affect condom use? {A}n analysis from {S}outh {A}frica}",
   Journal="AIDS Educ Prev",
   Year="2003",
   Volume="15",
   Number="3",
   Pages="231--244",
   Month="Jun"
}

% 10402679 
@Article{ CharBarg99,
   Author="Chartrand, T. L.  and Bargh, J. A. ",
   Title="{{T}he chameleon effect: the perception-behavior link and social interaction}",
   Journal="J Pers Soc Psychol",
   Year="1999",
   Volume="76",
   Number="6",
   Pages="893--910",
   Month="Jun"
}

% 9460814 
@Article{GregZhuw98,
   Author="Gregson, S.  and Zhuwau, T.  and Anderson, R. M.  and Chandiwana, S. K. ",
   Title="{{I}s there evidence for behaviour change in response to {AIDS} in rural {Z}imbabwe?}",
   Journal="Soc Sci Med",
   Year="1998",
   Volume="46",
   Number="3",
   Pages="321--330",
   Month="Feb"
}

% 22703550 
@Article{ LetaSand12,
   Author="Leta, T. H.  and Sand?y, I. F.  and Fylkesnes, K. ",
   Title="{{F}actors affecting voluntary {HIV} counselling and testing among men in {E}thiopia: a cross-sectional survey}",
   Journal="BMC Public Health",
   Year="2012",
   Volume="12",
   Pages="438"
}

% 21987938 
@Article{ KayiFors11,
   Author="Kayiki, S. P.  and Forste, R. ",
   Title="{{HIV}/{AIDS} related knowledge and perceived risk associated with condom use among adolescents in {U}ganda}",
   Journal="Afr J Reprod Health",
   Year="2011",
   Volume="15",
   Number="1",
   Pages="57--63",
   Month="Mar"
}

% 21741295 
@Article{MagaDest11,
   Author="Magadi, M.  and Desta, M. ",
   Title="{{A} multilevel analysis of the determinants and cross-national variations of {HIV} seropositivity in sub-{S}aharan {A}frica: evidence from the {DHS}}",
   Journal="Health Place",
   Year="2011",
   Volume="17",
   Number="5",
   Pages="1067--1083",
   Month="Sep"
}

% 19479490 
@Article{ MacPTerr09,
   Author="MacPhail, C.  and Terris-Prestholt, F.  and Kumaranayake, L.  and Ngoako, P.  and Watts, C.  and Rees, H. ",
   Title="{{M}anaging men: women's dilemmas about overt and covert use of barrier methods for {HIV} prevention}",
   Journal="Cult Health Sex",
   Year="2009",
   Volume="11",
   Number="5",
   Pages="485--497",
   Month="Jun"
}

% 18434489 
@Article{LiddGile08,
   Author="Liddell, C.  and Giles, M.  and Rae, G. ",
   Title="{{T}he culture of condoms: culturally grounded variables and their association with attitudes to condoms}",
   Journal="Psychosom Med",
   Year="2008",
   Volume="70",
   Number="4",
   Pages="496--504",
   Month="May"
}

% 17190780 
@Article{Katz06,
   Author="Katz, I. ",
   Title="{{E}xplaining the increase in condom use among {S}outh {A}frican young females}",
   Journal="J Health Commun",
   Year="2006",
   Volume="11",
   Number="8",
   Pages="737--753",
   Month="Dec"
}

% 16613621 
@Article{ MeekSilv06,
   Author="Meekers, D.  and Silva, M.  and Klein, M. ",
   Title="{{D}eterminants of condom use among youth in {M}adagascar}",
   Journal="J Biosoc Sci",
   Year="2006",
   Volume="38",
   Number="3",
   Pages="365--380",
   Month="May"
}

% 15757557 
@Article{ LauYang05,
   Author="Lau, J. T.  and Yang, X.  and Pang, E.  and Tsui, H. Y.  and Wong, E.  and Wing, Y. K. ",
   Title="{{SARS}-related perceptions in {H}ong {K}ong}",
   Journal="Emerging Infect. Dis.",
   Year="2005",
   Volume="11",
   Number="3",
   Pages="417--424",
   Month="Mar"
}

% 11398960 
@Article{ MaciBrow01,
   Author="Macintyre, K.  and Brown, L.  and Sosler, S. ",
   Title="{"{I}t's not what you know, but who you knew": examining the relationship between behavior change and {AIDS} mortality in {A}frica}",
   Journal="AIDS Educ Prev",
   Year="2001",
   Volume="13",
   Number="2",
   Pages="160--174",
   Month="Apr"
}
% 22797743 
@Article{ RyanConl12,
   Author="Ryan, C. A.  and Conly, S. R.  and Stanton, D. L.  and Hasen, N. S. ",
   Title="{{P}revention of sexually transmitted {HIV} infections through the {P}resident's {E}mergency {P}lan for {AIDS} {R}elief: a history of achievements and lessons learned}",
   Journal="J. Acquir. Immune Defic. Syndr.",
   Year="2012",
   Volume="60 Suppl 3",
   Pages="S70--77",
   Month="Aug"
}

% 22067066 
@Article{UchuMaga12,
   Author="Uchudi, J.  and Magadi, M.  and Mostazir, M. ",
   Title="{{A} multilevel analysis of the determinants of high-risk sexual behaviour in sub-{S}aharan {A}frica}",
   Journal="J Biosoc Sci",
   Year="2012",
   Volume="44",
   Number="3",
   Pages="289--311",
   Month="May"
}

% 21766563 
@Article{ OyedFeyi11,
   Author="Oyediran, K. A.  and Feyisetan, O. I.  and Akpan, T. ",
   Title="{{P}redictors of condom-use among young never-married males in {N}igeria}",
   Journal="J Health Popul Nutr",
   Year="2011",
   Volume="29",
   Number="3",
   Pages="273--285",
   Month="Jun"
}

% 21342904 
@Article{ SchuBell11,
   Author="Schuchat, A.  and Bell, B. P.  and Redd, S. C. ",
   Title="{{T}he science behind preparing and responding to pandemic influenza: the lessons and limits of science}",
   Journal="Clin. Infect. Dis.",
   Year="2011",
   Volume="52 Suppl 1",
   Pages="8--12",
   Month="Jan"
}

% 17985226 
@Article{ PalePett08,
   Author="Palekar, R.  and Pettifor, A.  and Behets, F.  and MacPhail, C. ",
   Title="{{A}ssociation between knowing someone who died of {AIDS} and behavior change among {S}outh {A}frican youth}",
   Journal="AIDS Behav",
   Year="2008",
   Volume="12",
   Number="6",
   Pages="903--912",
   Month="Nov"
}

% 17601003 
@Article{ SkinMfec04,
   Author="Skinner, D.  and Mfecane, S. ",
   Title="{{S}tigma, discrimination and the implications for people living with {HIV}/{AIDS} in {S}outh {A}frica}",
   Journal="SAHARA J",
   Year="2004",
   Volume="1",
   Number="3",
   Pages="157--164",
   Month="Nov"
}

% 15550214 
@Article{ PettMeas04,
   Author="Pettifor, A. E.  and Measham, D. M.  and Rees, H. V.  and Padian, N. S. ",
   Title="{{S}exual power and {HIV} risk, {S}outh {A}frica}",
   Journal="Emerging Infect. Dis.",
   Year="2004",
   Volume="10",
   Number="11",
   Pages="1996--2004",
   Month="Nov"
}

% 12709311 
@Article{ Zell03,
   Author="Zellner, S. L. ",
   Title="{Condom use and the accuracy of {AIDS} knowledge in {C}√¥te d'{I}voire}",
   Journal="Int Fam Plan Perspect",
   Year="2003",
   Volume="29",
   Number="1",
   Pages="41--47",
   Month="Mar"
}


 @Manual{Rstats,
    title = {R: A Language and Environment for Statistical Computing},
    author = {{R Core Team}},
    organization = {R Foundation for Statistical Computing},
    address = {Vienna, Austria},
    year = {2012},
    note = {{ISBN} 3-900051-07-0},
    url = {http://www.R-project.org/},
  }
  @Misc{Rpackage_ordinal,
    title = {ordinal---Regression Models for Ordinal Data },
    author = {R. H. B. Christensen},
    year = {2012},
    note = {R package version 2012.09-11 http://www.cran.r-project.org/package=ordinal/},
  }
  @Manual{Rpackage_lme4,
    title = {lme4: Linear mixed-effects models using S4 classes},
    author = {Douglas Bates and Martin Maechler and Ben Bolker},
    year = {2012},
    note = {R package version 0.999999-0},
    url = {http://CRAN.R-project.org/package=lme4},
  }

